@article{zapico2007new,
  title={New technology based firms and competitive advantages: the neosystems case},
  author={Zapico Aldeano, Luis Miguel and Alonso Magdaleno, Mar{\'\i}a Isabel and others},
  journal={Documentos de trabajo (Universidad de Oviedo. Facultad de Ciencias Econ{\'o}micas)},
  year={2007}
}

@misc{servers,
  title = {{Server- Types, Purpose, Advantage and Disadvantage}},
  author = "Hanu Deg",
  howpublished = {Recuperado de: \url{https://etipsguruji.com/server/}},
  year = "2022",
  note = {Fecha de consulta: 06/03/2022}
}

@misc{IIS,
  title = {{IIS}},
  author = "JavaTPoint",
  howpublished = {Recuperado de: \url{https://www.javatpoint.com/what-is-iis}},
  year = "2022",
  note = {Fecha de consulta: 06/03/2022}
}

@book{comer2013internetworking,
  title={Internetworking with TCP/IP},
  author={Comer, Douglas E},
  year={2013},
  publisher={Addison-Wesley Professional}
}

@misc{MSServer,
  title = {{Windows Server}},
  author = "Microsoft",
  howpublished = {Recuperado de: \url{https://www.microsoft.com/en-us/windows-server/}},
  year = "2022",
  note = {Fecha de consulta: 06/03/2022}
}
